@book{DorigoStuetzle2004,
  author = "Marco Dorigo and Thomas St{\"u}tzle",
  isbn = "0262042193",
  month = 07,
  publisher = "MIT Press",
  title = "{Ant Colony Optimization}",
  year = 2004
}

@mastersthesis{Walther2006,
  author = "Thomas Walther",
  month = 02,
  school = "Fachhochschule Wedel",
  title = "Dynamische Fahrzeugnavigation auf Basis von Ameisenkolonien",
  url = "http://www.fh-wedel.de/fileadmin/mitarbeiter/iw/Abschlussarbeiten/MasterarbeitWalther.pdf",
  year = 2006
}
